@software{ghost,
  author       = {Porter, Matthew A.},
  title        = {ghost},
  year         = {2025},
  license      = {Q-CDA-1.0},
  publisher    = {Zenodo},
  version      = {f33301e},
  url          = {https://github.com/qompassai/ghost}
}
